%مراجع خود را در این قسمت وارد کنید.
% دستوری برای کوچک کردن اندازه فونت‌ها 
%یک مثال را در زیر می‌بینید.
@article{armstrong2020eye,
  title={A (eye): A review of current applications of artificial intelligence and machine learning in ophthalmology},
  author={Armstrong, Grayson W and Lorch, Alice C},
  journal={International ophthalmology clinics},
  volume={60},
  number={1},
  pages={57--71},
  year={2020},
  publisher={LWW}
}

@article{alabi2021comparison,
  title={Comparison of nomogram with machine learning techniques for prediction of overall survival in patients with tongue cancer},
  author={Alabi, Rasheed Omobolaji and M{\"a}kitie, Antti A and Pirinen, Matti and Elmusrati, Mohammed and Leivo, Ilmo and Almangush, Alhadi},
  journal={International Journal of Medical Informatics},
  volume={145},
  pages={104313},
  year={2021},
  publisher={Elsevier}
}

@article{rajkomar2019machine,
  title={Machine learning in medicine},
  author={Rajkomar, Alvin and Dean, Jeffrey and Kohane, Isaac},
  journal={New England Journal of Medicine},
  volume={380},
  number={14},
  pages={1347--1358},
  year={2019},
  publisher={Mass Medical Soc}
}

@article{dimililer2016intelligent,
  title={Intelligent eye tumour detection system},
  author={Dimililer, Kamil and Ever, Yoney Kirsal and Ratemi, Haithm},
  journal={Procedia Computer Science},
  volume={102},
  pages={325--332},
  year={2016},
  publisher={Elsevier}
}

@inproceedings{vellido2007neural,
  title={Neural networks and other machine learning methods in cancer research},
  author={Vellido, Alfredo and Lisboa, Paulo JG},
  booktitle={International Work-Conference on Artificial Neural Networks},
  pages={964--971},
  year={2007},
  organization={Springer}
}

@incollection{el2015machine,
  title={What is machine learning?},
  author={El Naqa, Issam and Murphy, Martin J},
  booktitle={machine learning in radiation oncology},
  pages={3--11},
  year={2015},
  publisher={Springer}
}

@inproceedings{ganguly2019deep,
  title={A deep learning framework for eye melanoma detection employing convolutional neural network},
  author={Ganguly, Biswarup and Biswas, Shreya and Ghosh, Samrat and Maiti, Sabyasachi and Bodhak, Snehasish},
  booktitle={2019 International Conference on Computer, Electrical \& Communication Engineering (ICCECE)},
  pages={1--4},
  year={2019},
  organization={IEEE}
}

@techreport{rao2020machine,
  title={A Machine learning Framework for Eye Melanoma Detection Based on SVM and CNN Classification.},
  author={Rao, Ankur and Sharma, Prashant and Bhargva, Ankita},
  year={2020},
  institution={EasyChair}
}

@article{rodriguez2020novel,
  title={Novel Long Non-Coding RNAs Associated with BAP1 Mutations in Uveal Melanoma},
  author={Rodriguez, Daniel and Gordan, Grant and Durante, Michael and Kuznetsov, Jeffim and Harbour, J William},
  journal={Investigative Ophthalmology \& Visual Science},
  volume={61},
  number={7},
  pages={4023--4023},
  year={2020},
  publisher={The Association for Research in Vision and Ophthalmology}
}

@inproceedings{majumder2007autofluorescence,
  title={Autofluorescence spectroscopy for early diagnosis of cancer eye},
  author={Majumder, Shovan K and Ghosh, Nirmalya and Rathod, Sopan M and Gupta, Pradeep K},
  booktitle={Advanced Biomedical and Clinical Diagnostic Systems V},
  volume={6430},
  pages={64301K},
  year={2007},
  organization={International Society for Optics and Photonics}
}

@article{ouabida2018automated,
  title={Automated segmentation of ophthalmological images by an optical based approach for early detection of eye tumor growing},
  author={Ouabida, Elhoussaine and Essadike, Abdelaziz and Bouzid, Abdenbi},
  journal={Physica Medica},
  volume={48},
  pages={37--46},
  year={2018},
  publisher={Elsevier}
}